<?xml version="1.0" encoding="utf-8"?>
<record xmlns="http://www.loc.gov/MARC21/slim" xmlns:xsi="http://www.w3.org/2001/XMLSchema-instance" xsi:schemaLocation="http://www.loc.gov/MARC21/slim http://www.loc.gov/standards/marcxml/schema/MARC21slim.xsd">
	<leader>     nam a22        4500</leader>
	<controlfield tag="001">2670771</controlfield>
	<controlfield tag="003">NNC</controlfield>
	<controlfield tag="006">m        d        </controlfield>
	<controlfield tag="007">cr cn |||m|||a</controlfield>
	<controlfield tag="008">170123r19701935iq      o     000 0 ara  </controlfield>
	<datafield ind1=" " ind2=" " tag="040">
		<subfield code="a">NNU</subfield>
		<subfield code="b">eng</subfield>
		<subfield code="e">rda</subfield>
		<subfield code="c">NNU</subfield>
	</datafield>
	<datafield ind1="0" ind2="0" tag="050">
		<subfield code="a">KBP440.62.G436</subfield>
		<subfield code="b">A364 1970</subfield>
	</datafield>
	<datafield ind1="0" ind2=" " tag="100">
		<subfield code="6">880-01</subfield>
		<subfield code="a">Ghazzālī,</subfield>
		<subfield code="d">1058-1111.</subfield>
	</datafield>
	<datafield ind1="1" ind2="3" tag="245">
		<subfield code="6">880-02</subfield>
		<subfield code="a">al-Mustaṣfá min ʻilm al-uṣūl,</subfield>
		<subfield code="c">li-Abī Ḥāmid Muḥammad ibn Muḥammad al-Ghazzālī. Wa-bi-dhaylihi Fawātiḥ al-raḥamūt bi-sharḥ Musallam al-thubūt fī uṣūl al-fiqh.</subfield>
	</datafield>
	<datafield ind1=" " ind2=" " tag="250">
		<subfield code="6">880-03</subfield>
		<subfield code="a">Tabʻah jadīdah bi-al-ūfsit.</subfield>
	</datafield>
	<datafield ind1=" " ind2=" " tag="260">
		<subfield code="6">880-04</subfield>
		<subfield code="a">Baghdād :</subfield>
		<subfield code="b">Maktabat al-Muthanná,</subfield>
		<subfield code="c">[1970]</subfield>
	</datafield>
	<datafield ind1=" " ind2=" " tag="300">
		<subfield code="a">online resource (2 v.)</subfield>
	</datafield>
	<datafield ind1=" " ind2=" " tag="336">
		<subfield code="a">text</subfield>
		<subfield code="2">rdacontent</subfield>
	</datafield>
	<datafield ind1=" " ind2=" " tag="337">
		<subfield code="a">computer</subfield>
		<subfield code="2">rdamedia</subfield>
	</datafield>
	<datafield ind1=" " ind2=" " tag="338">
		<subfield code="a">online resource</subfield>
		<subfield code="2">rdacarrier</subfield>
	</datafield>
	<datafield ind1=" " ind2=" " tag="500">
		<subfield code="a">In Arabic.</subfield>
	</datafield>
	<datafield ind1=" " ind2=" " tag="500">
		<subfield code="a">Cover title: al-Mustaṣfā min ʻilm al-ūsūl, [by] al-G̲h̲azzālī, Abū Ḥāmid Muḥammad ibn Muḥammad al-Tūsī al-S̲h̲āfʻī.</subfield>
	</datafield>
	<datafield ind1=" " ind2=" " tag="500">
		<subfield code="a">Reprint of the ed. published in Bulaq, 1325.</subfield>
	</datafield>
	<datafield ind1=" " ind2=" " tag="500">
		<subfield code="a">Part of the Arabic Collections Online (ACO) project, contributed by Columbia University Libraries.</subfield>
	</datafield>
	<datafield ind1=" " ind2=" " tag="533">
		<subfield code="a">Electronic reproduction.</subfield>
		<subfield code="b">New York, N.Y. :</subfield>
		<subfield code="c">New York University,</subfield>
		<subfield code="d">2017.</subfield>
		<subfield code="5">NNU</subfield>
	</datafield>
	<datafield ind1=" " ind2="0" tag="650">
		<subfield code="a">Islamic law</subfield>
		<subfield code="x">Interpretation and construction.</subfield>
	</datafield>
	<datafield ind1=" " ind2="7" tag="650">
		<subfield code="a">Islamic law</subfield>
		<subfield code="x">Interpretation and construction.</subfield>
		<subfield code="2">fast</subfield>
		<subfield code="0">(OCoLC)fst00979955</subfield>
	</datafield>
	<datafield ind1="1" ind2="2" tag="700">
		<subfield code="6">880-05</subfield>
		<subfield code="a">Baḥr al-ʻUlūm ʻAbd al-ʻAlī Muḥammad ibn Niẓām al-Dīn Muḥammad,</subfield>
		<subfield code="d">1731 or 1732-1810.</subfield>
		<subfield code="t">Fawātiḥ al-raḥamūt.</subfield>
	</datafield>
	<datafield ind1="1" ind2="2" tag="700">
		<subfield code="6">880-06</subfield>
		<subfield code="a">Bahārī, Muḥibb Allāh ibn ʻAbd al-Shakūr,</subfield>
		<subfield code="d">-1707 or 1708.</subfield>
		<subfield code="t">Musallam al-thubūt</subfield>
	</datafield>
	<datafield ind1="2" ind2=" " tag="710">
		<subfield code="a">Columbia University.</subfield>
		<subfield code="b">Libraries.</subfield>
	</datafield>
	<datafield ind1="0" ind2=" " tag="730">
		<subfield code="a">Arabic Collections Online.</subfield>
	</datafield>
	<datafield ind1="0" ind2=" " tag="740">
		<subfield code="6">880-07</subfield>
		<subfield code="a">Fawātiḥ al-raḥamūt.</subfield>
	</datafield>
	<datafield ind1="0" ind2="8" tag="776">
		<subfield code="i">Online version:</subfield>
		<subfield code="a">Ghazzālī, 1058-1111.</subfield>
		<subfield code="t">Mustaṣfá min ʻilm al-uṣūl.</subfield>
		<subfield code="b">Ṭabʻah jadīdah bi-al-ūfsit.</subfield>
		<subfield code="d">Baghdād : Maktabat al-Muthanná, [1970]</subfield>
		<subfield code="w">(OCoLC)643799781</subfield>
	</datafield>
	<datafield ind1="0" ind2="8" tag="776">
		<subfield code="i">Print version:</subfield>
		<subfield code="a">Ghazzālī, 1058-1111.</subfield>
		<subfield code="t">al-Mustaṣfá min ʻilm al-uṣūl</subfield>
		<subfield code="w">(NNC)2670771</subfield>
		<subfield code="w">(DLC)  74962049 </subfield>
		<subfield code="w">(OCoLC)16170218</subfield>
	</datafield>
	<datafield ind1="4" ind2="0" tag="856">
		<subfield code="u">http://hdl.handle.net/2333.1/b2rbp48b</subfield>
	</datafield>
	<datafield ind1="0" ind2=" " tag="880">
		<subfield code="6">100-01</subfield>
		<subfield code="a">غزالي،</subfield>
		<subfield code="d">1058-1111.</subfield>
	</datafield>
	<datafield ind1="1" ind2="2" tag="880">
		<subfield code="6">245-02</subfield>
		<subfield code="a">المستصفى من علم الأصول /</subfield>
		<subfield code="c">لابي حامد محمد بن محمد الغزالي. وبذيله فواتح الرحموت بشرح مسلم الثبوت في أصول الفقه.</subfield>
	</datafield>
	<datafield ind1=" " ind2=" " tag="880">
		<subfield code="6">250-03</subfield>
		<subfield code="a">طبعة جديدة بالاوفست.</subfield>
	</datafield>
	<datafield ind1=" " ind2=" " tag="880">
		<subfield code="6">260-04</subfield>
		<subfield code="a">بغداد :</subfield>
		<subfield code="b">مكتبة المثنى،</subfield>
		<subfield code="c">[1970]</subfield>
	</datafield>
	<datafield ind1="1" ind2="2" tag="880">
		<subfield code="6">700-05</subfield>
		<subfield code="a">بحر العلوم عبد العلي محمد بن نظام الدين محمد،</subfield>
		<subfield code="d">1731 or 1732-1810.</subfield>
		<subfield code="t">فواتح الرحموت.</subfield>
	</datafield>
	<datafield ind1="1" ind2="2" tag="880">
		<subfield code="6">700-06</subfield>
		<subfield code="a">بهاري، محب الله بن عبد الشكور،,</subfield>
		<subfield code="d">-1707 or 1708.</subfield>
		<subfield code="t">مسلم الثبوت.</subfield>
	</datafield>
	<datafield ind1="0" ind2=" " tag="880">
		<subfield code="6">740-07</subfield>
		<subfield code="a">فواتح الرحموت.</subfield>
	</datafield>
	<datafield ind1=" " ind2=" " tag="959">
		<subfield code="a">NNU</subfield>
		<subfield code="b">WEB</subfield>
		<subfield code="c">GENI</subfield>
		<subfield code="t">0</subfield>
		<subfield code="m">Electronic access</subfield>
		<subfield code="s">01</subfield>
	</datafield>
	<datafield ind1=" " ind2=" " tag="999">
		<subfield code="i">NNC_2670771</subfield>
		<subfield code="o">(OCoLC)ocm16170218</subfield>
		<subfield code="s">columbia_aco002220:v.1</subfield>
		<subfield code="s">columbia_aco002219:v.2</subfield>
		<subfield code="e">(ERROR-880)</subfield>
		<subfield code="s">columbia_aco002220:v.1</subfield>
		<subfield code="s">columbia_aco002219:v.2</subfield>
	</datafield>
</record>
